@article{Goodenough2015Energy,
  title={Energy storage materials: A perspective},
  author={Goodenough, John B.},
  journal={Energy Storage Materials},
  volume={1},
  pages={158-161},
  year={2015},
}

@article{Feng2017Thermal,
  title={Thermal runaway mechanism of lithium ion battery for electric vehicles: A review},
  author={Feng, Xuning and Ouyang, Minggao and Liu, Xiang and Lu, Languang and Xia, Yong and He, Xiangming},
  journal={Energy Storage Materials},
  year={2017},
}

@article{Shan2016The,
  title={The smart era of electrochemical energy storage devices},
  author={Shan, Xu Yi and Li, Feng and Wang, Da Wei and Cheng, Hui Ming},
  journal={Energy Storage Materials},
  volume={3},
  pages={66-68},
  year={2016},
}

@article{Dunn2011Electrical,
  title={Electrical energy storage for the grid: a battery of choices},
  author={Dunn, B and Kamath, H and Tarascon, J. M.},
  journal={Science},
  volume={334},
  number={6058},
  pages={928-35},
  year={2011},
}

@article{Yoshio2003Spherical,
  title={Spherical carbon-coated natural graphite as a lithium-ion battery-anode material},
  author={Yoshio, M and Wang, H. and Fukuda, K},
  journal={Angewandte Chemie International Edition},
  volume={42},
  number={35},
  pages={4203},
  year={2003},
}

@article{Taberna2006High,
  title={High rate capabilities Fe3O4-based Cu nano-architectured electrodes for lithium-ion battery applications},
  author={Taberna, P. L. and Mitra, S and Poizot, P and Simon, P and Tarascon, J. M.},
  journal={Nature Materials},
  volume={5},
  number={7},
  pages={567-573},
  year={2006},
}

@article{Xu2016Computational,
  title={Computational model of 18650 lithium-ion battery with coupled strain rate and SOC dependencies},
  author={Xu, Jun and Liu, Binghe and Wang, Xinyi and Hu, Dayong},
  journal={Applied Energy},
  volume={172},
  pages={180-189},
  year={2016},
}

@article{volt,
  title={Chevrolet volt battery incident overview report},
  author={Smith B},
  journal={National highway traffic
  safety administration},
  year={2012},
}

@article{BYD,
  title={Board of Directors of BYD Corp. Announcement about qualification conclusions of
  electric taxi in a crippling traffic accident on may 26th by byd corp},
  journal={China Securities
  Journal},
  year={2012},
}

@article{Boeing,
  title={Auxiliary power unit battery fire. boston, massachusetts},
  author={Report AI},
  journal={National
transportation safety board},
  year={2012},
}

@article{Tesla,
  title={Tesla model x fire},
  author={Musk E},
  year={2018},
}


@article{Kermani2017Review,
  title={Review: Characterization and Modeling of the Mechanical Properties of Lithium-Ion Batteries},
  author={Kermani, Golriz and Sahraei, Elham and Sciubba, Enrico},
  journal={Energies},
  volume={10},
  number={11},
  pages={1730},
  year={2017},
}


@article{plan,
  title={Report: Global EV Outlook 2017-Two Million and Counting},
  author={International Energy Agency},
  year={2017},
}

@article{Zhu2018A,
  title={A review of safety-focused mechanical modeling of commercial lithium-ion batteries},
  author={Zhu, Juner and Wierzbicki, Tomasz and Li, Wei},
  journal={Journal of Power Sources},
  volume={378},
  pages={153-168},
  year={2018},
}

@article{Tarascon2001Issues,
  title={Issues and challenges facing rechargeable lithium batteries},
  author={Tarascon, J. M. and Armand, M.},
  journal={Nature},
  volume={414},
  number={6861},
  pages={359-367},
  year={2001},
}

@article{Zhang2017A,
  title={A Review of Fracture in Lithium-Ion Battery Electrodes},
  author={Zhang, Jun Qian and Bo, L. V. and Song, Yi Cheng and Mechanics, Department Of and University, Shanghai},
  journal={Chinese Quarterly of Mechanics},
  year={2017},
}

@article{Sahraei2016Microscale,
  title={Microscale failure mechanisms leading to internal short circuit in Li-ion batteries under complex loading scenarios},
  author={Sahraei, Elham and Bosco, Emanuela and Dixon, Brandy and Lai, Benjamin},
  journal={Journal of Power Sources},
  volume={319},
  pages={56-65},
  year={2016},
}

@article{Sahraei2015Modelling,
  title={Modelling of Cracks Developed in Lithium-ion Cells under Mechanical Loading},
  author={Sahraei, Elham and Kahn, Michael and Meier, Joseph and Wierzbicki, Tomasz},
  journal={Rsc Advances},
  volume={5},
  number={98},
  pages={80369-80380},
  year={2015},
}

@article{Greve2012Mechanical,
  title={Mechanical testing and macro-mechanical finite element simulation of the deformation, fracture, and short circuit initiation of cylindrical Lithium ion battery cells},
  author={Greve, Lars and Fehrenbach, Clemens},
  journal={Journal of Power Sources},
  volume={214},
  number={4},
  pages={377-385},
  year={2012},
}

@inproceedings{Luo2015Fracture,
  title={Fracture Mode Analysis of Lithium-Ion Battery Under Mechanical Loading},
  author={Luo, Hailing and Jiang, Xuqian and Xia, Yong and Zhou, Qing},
  booktitle={ASME 2015 International Mechanical Engineering Congress and Exposition},
  pages={V009T12A052},
  year={2015},
}

@article{Dass,
  title={Abaqus Analysis User's Manual},
  author={Dassault Systèmes},
  journal={Simulia Corp, USA},
  year={2012},
}

@article{Huang2011Separator,
  title={Separator technologies for lithium-ion batteries},
  author={Huang, Xiaosong},
  journal={Journal of Solid State Electrochemistry},
  volume={15},
  number={4},
  pages={649-662},
  year={2011},
}

@article{Lee2014A,
  title={A review of recent developments in membrane separators for rechargeable lithium-ion batteries},
  author={Lee, Hun and Yanilmaz, Meltem and Toprakci, Ozan and Fu, Kun and Zhang, Xiangwu},
  journal={Energy and Environmental Science},
  volume={7},
  number={12},
  pages={3857-3886},
  year={2014},
}

@article{Zhang2016Deformation,
  title={Deformation and failure characteristics of four types of lithium-ion battery separators},
  author={Zhang, Xiaowei and Sahraei, Elham and Wang, Kai},
  journal={Journal of Power Sources},
  volume={327},
  pages={693-701},
  year={2016},
}

@article{Cheng2011Functional,
  title={Functional materials for rechargeable batteries},
  author={Cheng, F. and Liang, J. and Tao, Z. and Chen, J.},
  journal={Advanced Materials},
  volume={23},
  number={15},
  pages={1695-1715},
  year={2011},
}

@article{Park2015LiFeO2,
  title={LiFeO2-Incorporated Li2MoO3 as a Cathode Additive for Lithium-Ion Battery Safety},
  author={Park, Kyu Sung and Im, Dongmin and Benayad, Anass and Dylla, Anthony and Stevenson, Keith J. and Goodenough, John B.},
  journal={Chemistry of Materials},
  volume={24},
  number={14},
  pages={2673},
  year={2015},
}

@article{Chen2013Unveiling,
  title={Unveiling the Roles of Binder in the Mechanical Integrity of Electrodes for Lithium-Ion Batteries},
  author={Chen, Jianchao and Liu, Jianyong and Qi, Yue and Sun, Tao and Li, Xiaodong},
  journal={Journal of the Electrochemical Society},
  volume={160},
  number={9},
  pages={A1502-A1509},
  year={2013},
}

@article{Vetter2005Ageing,
  title={Ageing mechanisms in lithium-ion batteries},
  author={Vetter, J. and Novák, P. and Wagner, M. R. and Veit, C. and Möller, K. C. and Besenhard, J. O. and Winter, M. and Wohlfahrt-Mehrens, M. and Vogler, C. and Hammouche, A.},
  journal={Journal of Power Sources},
  volume={147},
  number={1},
  pages={269-281},
  year={2005},
}

@article{Chen2003A,
  title={A study of the mechanical and electrical properties of a polymer/carbon black binder system used in battery electrodes},
  author={Chen, Zonghai and Christensen, L. and Dahn, J. R.},
  journal={Journal of Applied Polymer Science},
  volume={90},
  number={7},
  pages={1891-1899},
  year={2003},
}

@article{Chen2003Large,
  title={Large-volume-change electrodes for Li-ion batteries of amorphous alloy particles held by elastomeric tethers},
  author={Chen, Zonghai and Christensen, L. and Dahn, J. R.},
  journal={Electrochemistry Communications},
  volume={5},
  number={11},
  pages={919-923},
  year={2003},
}

@article{Xu2016Computational,
  title={Computational model of 18650 lithium-ion battery with coupled strain rate and SOC dependencies},
  author={Xu, Jun and Liu, Binghe and Wang, Xinyi and Hu, Dayong},
  journal={Applied Energy},
  volume={172},
  pages={180-189},
  year={2016},
}

@article{Luo2018Adhesion,
  title={Adhesion strength of the cathode in lithium-ion batteries under combined tension/shear loadings},
  author={Luo, Hailing and Zhu, Juner and Sahraei, Elham and Xia, Yong},
  journal={Rsc Advances},
  volume={8},
  number={8},
  pages={3996-4005},
  year={2018},
}

@article{Lu2013A,
  title={A review on the key issues for lithium-ion battery management in electric vehicles},
  author={Lu, Languang and Han, Xuebing and Li, Jianqiu and Hua, Jianfeng and Ouyang, Minggao},
  journal={Journal of Power Sources},
  volume={226},
  number={3},
  pages={272-288},
  year={2013},
}

@book{Sutton1983Determination,
  title={Determination of displacement using an improved digital correlation method},
  author={Sutton, M. A. and Wolters, W. J. and Peters, W. H. and Ranson, W. F. and Mcneill, S. R.},
  publisher={Bangladesh Institute of Development Studies,},
  pages={133-139},
  year={1983},
}

@article{Tang2012Photogrammetry,
  title={Photogrammetry-based two-dimensional digital image correlation with nonperpendicular camera alignment},
  author={Tang, Zheng Zong and Liang, Jin and Guo, Cheng and Wang, Yong Xin},
  journal={Optical Engineering},
  volume={51},
  number={2},
  pages={3602},
  year={2012},
}

@article{Haselrieder2015Measuring,
  title={Measuring the coating adhesion strength of electrodes for lithium-ion batteries},
  author={Haselrieder, W. and Westphal, B. and Bockholt, H. and Diener, A. and Höft, S. and Kwade, A.},
  journal={International Journal of Adhesion and Adhesives},
  volume={60},
  pages={1-8},
  year={2015},
}

@article{Liu2012Particles,
  title={Particles and Polymer Binder Interaction: A Controlling Factor in Lithium-Ion Electrode Performance},
  author={Liu, G. and Zheng, H. and Song, X. and Battaglia, V. S.},
  journal={Journal of the Electrochemical Society},
  volume={159},
  number={3},
  pages={A214-A221},
  year={2012},
}

@article{Lee2007A,
  title={A novel and efficient water-based composite binder for LiCoO 2  cathodes in lithium-ion batteries},
  author={Lee, Jyh Tsung and Chu, Yung Ju and Peng, Xing Wei and Wang, Fu Ming and Yang, Chang Rung and Li, Chia Chen},
  journal={Journal of Power Sources},
  volume={173},
  number={2},
  pages={985-989},
  year={2007},
}

@article{Stevenson2008The,
  title={The Effects of Various Conductive Additive and Polymeric Binder Contents on the Performance of a Lithium-ion Composite},
  author={Stevenson, Cynthia and Liu, G and Zheng, H and Kim, S and Deng, Y and Minor, A. M and Song, X and Battaglia, V. S},
  journal={Journal of the Electrochemical Society},
  volume={155},
  number={12},
  pages={A887-A892},
  year={2008},
}

@article{Yoo2003Effect,
  title={Effect of poly(vinylidene fluoride) binder crystallinity and graphite structure on the mechanical strength of the composite anode in a lithium ion battery},
  author={Yoo, Mikyong and Frank, Curtis W. and Mori, Shoichiro and Yamaguchi, Shoji},
  journal={Polymer},
  volume={44},
  number={15},
  pages={4197-4204},
  year={2003},
}

@article{Seki2004Effect,
  title={Effect of binder polymer structures used in composite cathodes on interfacial charge transfer processes in lithium polymer batteries},
  author={Seki, Shiro and Tabata, Sei Ichiro and Matsui, Shohei and Watanabe, Masayoshi},
  journal={Electrochimica Acta},
  volume={50},
  number={2–3},
  pages={379-383},
  year={2004},
}

@article{Jing2008Effect,
  title={Effect of Heat Treatment on Si Electrodes Using Polyvinylidene Fluoride Binder},
  author={Jing, Li and Christensen, L. and Obrovac, M. N. and Hewitt, K. C. and Dahn, J. R.},
  journal={Journal of the Electrochemical Society},
  volume={155},
  number={3},
  pages={A234-A238},
  year={2008},
}

@article{Chen2003A,
  title={A study of the mechanical and electrical properties of a polymer/carbon black binder system used in battery electrodes},
  author={Chen, Zonghai and Christensen, L. and Dahn, J. R.},
  journal={Journal of Applied Polymer Science},
  volume={90},
  number={7},
  pages={1891-1899},
  year={2003},
}

@article{Chen2003Comparison,
  title={Comparison of PVDF and PVDF-TFE-P as binders for electrode materials showing large volume changes in Lithium-Ion batteries},
  author={Chen, Zonghai and Christensen, L. and Dahn, J. R.},
  journal={Molecular Cancer Therapeutics},
  volume={150},
  number={8},
  pages={A1073-A1078},
  year={2003},
}

@article{Kwade,
  title={European Symposium on Comminution
and Classification},
  author={Kwade A., Breitung-Faes S., Steiner D.},
  journal={Sierke},
  year={2013},
}

@article{Chen2006Binder,
  title={Binder effect on cycling performance of silicon/carbon composite anodes for lithium ion batteries},
  author={Chen, Libao and Xie, Xiaohua and Xie, Jingying and Wang, Ke and Yang, Jun},
  journal={Journal of Applied Electrochemistry},
  volume={36},
  number={10},
  pages={1099-1104},
  year={2006},
}

@article{Liu2005Enhanced,
  title={Enhanced Cycle Life of Si Anode for Li-Ion Batteries by Using Modified Elastomeric Binder},
  author={Liu, Wei Ren and Yang, Mo Hua and Wu, Hung Chun and Chiao, S. M. and Wu, Nae Lih},
  journal={Electrochemical and Solid-State Letters},
  volume={8},
  number={2},
  year={2005},
}

@article{Buqa2006Study,
  title={Study of styrene butadiene rubber and sodium methyl cellulose as binder for negative electrodes in lithium-ion batteries},
  author={Buqa, H. and Holzapfel, M. and Krumeich, F. and Veit, C. and Novák, P.},
  journal={Journal of Power Sources},
  volume={161},
  number={1},
  pages={617-622},
  year={2006},
}

@article{Liu2012Particles,
  title={Particles and Polymer Binder Interaction: A Controlling Factor in Lithium-Ion Electrode Performance},
  author={Liu, G. and Zheng, H. and Song, X. and Battaglia, V. S.},
  journal={Journal of the Electrochemical Society},
  volume={159},
  number={3},
  pages={A214-A221},
  year={2012},
}

@article{Stevenson2008The,
  title={The Effects of Various Conductive Additive and Polymeric Binder Contents on the Performance of a Lithium-ion Composite},
  author={Stevenson, Cynthia and Liu, G and Zheng, H and Kim, S and Deng, Y and Minor, A. M and Song, X and Battaglia, V. S},
  journal={Journal of the Electrochemical Society},
  volume={155},
  number={12},
  pages={A887-A892},
  year={2008},
}

@article{Park2007Mechanical,
  title={Mechanical and electrical properties of a LiCoO 2  cathode prepared by screen-printing for a lithium-ion micro-battery},
  author={Park, Moon Soo and Hyun, Sang Hoon and Nam, Sang Cheol},
  journal={Electrochimica Acta},
  volume={52},
  number={28},
  pages={7895-7902},
  year={2007},
}

@article{Lee2014Molecular,
  title={Molecular Dynamics Simulations of the Traction-Separation Response at the Interface between PVDF Binder and Graphite in the Electrode of Li-Ion Batteries},
  author={Lee, Seungjun and Park, Jonghyun and Yang, Jun and Lu, Wei},
  journal={Journal of the Electrochemical Society},
  volume={161},
  number={9},
  pages={A1218-A1223},
  year={2014},
}

@article{Dahn1991Phase,
  title={Phase diagram of LixC6.},
  author={Dahn, J. R.},
  journal={Physical Review B Condensed Matter},
  volume={44},
  number={17},
  pages={9170},
  year={1991},
}

@article{Beaulieu2003The,
  title={The Electrochemical Reaction of Lithium with Tin Studied By In Situ AFM},
  author={Beaulieu, L. Y. and Beattie, S. D. and Hatchard, T. D. and Dahn, J. R.},
  journal={Journal of the Electrochemical Society},
  volume={150},
  number={4},
  pages={A419-A424},
  year={2003},
}

@article{Christensen2005A,
  title={A Mathematical Model of Stress Generation and Fracture in Lithium Manganese Oxide},
  author={Christensen, John and Newman, John},
  journal={Electrochemical Society},
  volume={153},
  number={6},
  pages={A1019-A1030},
  year={2005},
}

@article{Christensen2006Stress,
  title={Stress generation and fracture in lithium insertion materials},
  author={Christensen, John and Newman, John},
  journal={Journal of Solid State Electrochemistry},
  volume={10},
  number={5},
  pages={293-319},
  year={2006},
}

@article{Zhang2007Numerical,
  title={Numerical Simulation of Intercalation-Induced Stress in Li-Ion Battery Electrode Particles},
  author={Zhang, Xiangchun and Wei, Shyy and Sastry, Ann Marie},
  journal={Journal of the Electrochemical Society},
  volume={154},
  number={12},
  pages={A910-A916},
  year={2007},
}

@article{Verbrugge2009Stress,
  title={Stress and Strain-Energy Distributions within Diffusion-Controlled Insertion-Electrode Particles Subjected to Periodic Potential Excitations},
  author={Verbrugge, Mark W. and Cheng, Yang Tse},
  journal={Journal of the Electrochemical Society},
  volume={156},
  number={11},
  pages={A927-A937},
  year={2009},
}

@article{Cheng2008The,
  title={The influence of surface mechanics on diffusion induced stresses within spherical nanoparticles},
  author={Cheng, Yang Tse and Verbrugge, Mark W.},
  journal={Journal of Applied Physics},
  volume={104},
  number={8},
  pages={083521-083521-6},
  year={2008},
}

@article{Zhang2008Intercalation,
  title={Intercalation-Induced Stress and Heat Generation within Single Lithium-Ion Battery Cathode Particles},
  author={Zhang, Xiangchun and Sastry, Ann Marie and Wei, Shyy},
  journal={Journal of the Electrochemical Society},
  volume={155},
  number={155},
  pages={A542-A552},
  year={2008},
}

@article{Woodford2010,
  title={"Electrochemical Shock" of Intercalation Electrodes: A Fracture Mechanics Analysis},
  author={Woodford, William Henry and Chiang, Y. M. and Carter, W. Craig},
  journal={Journal of the Electrochemical Society},
  volume={157},
  number={10},
  pages={A1052-A1059},
  year={2010},
}

@article{Zhao2010Fracture,
  title={Fracture of Electrodes in Lithium-Ion Batteries Caused by Fast Charging},
  author={Zhao, Kejie and Pharr, Matt and Vlassak, Joost J and Suo, Zhigang},
  journal={Journal of Applied Physics},
  volume={108},
  number={7},
  pages={473},
  year={2010},
}

@article{Zhang2011Structure,
  title={Structure and performance of LiFePO 4  cathode materials: A review},
  author={Zhang, Wei Jun},
  journal={Journal of Power Sources},
  volume={196},
  number={6},
  pages={2962-2970},
  year={2011},
}

@article{Kohn1965Self,
  title={Self-Consistent Equations Including Exchange and Correlation Effects},
  author={Kohn, W. and Sham, L. J.},
  journal={Phys Rev},
  volume={140},
  number={4A},
  pages={A1133--A1138},
  year={1965},
}

@article{Kresse1996Efficiency,
  title={Efficiency of ab-initio total energy calculations for metals and semiconductors using a plane-wave basis set},
  author={Kresse, G. and Furthmüller, J.},
  journal={Comp.mat.er.sci},
  volume={6},
  number={1},
  pages={15-50},
  year={1996},
}

@article{Kresse1994Ab,
  title={Ab initio molecular-dynamics simulation of the liquid-metal-amorphous-semiconductor transition in germanium.},
  author={Kresse, G and Hafner, J},
  journal={Physical Review B Condensed Matter},
  volume={49},
  number={20},
  pages={14251},
  year={1994},
}

@article{Kresse1996Efficient,
  title={Efficient iterative schemes for ab initio total-energy calculations using a plane-wave basis set.},
  author={Kresse, G and Furthmüller, J},
  journal={Phys Rev B Condens Matter},
  volume={54},
  number={16},
  pages={11169-11186},
  year={1996},
}

@article{Schneider2017ATK,
  title={ATK-ForceField: A New Generation Molecular Dynamics Software Package},
  author={Schneider, Julian and Hamaekers, Jan and Chill, Samuel T and Smidstrup, Søren and Bulin, Johannes and Thesen, Ralph and Blom, Anders and Stokbro, Kurt},
  year={2017},
}

@article{Stradi2017Method,
  title={Method for determining optimal supercell representation of interfaces},
  author={Stradi, D and Jelver, L and Smidstrup, S and Stokbro, K},
  journal={Journal of Physics Condensed Matter An Institute of Physics Journal},
  volume={29},
  number={18},
  pages={185901},
  year={2017},
}

@article{Kohn1965Self,
  title={Self-Consistent Equations Including Exchange and Correlation Effects},
  author={Kohn, W. and Sham, L. J.},
  journal={Phys Rev},
  volume={140},
  number={4A},
  pages={A1133--A1138},
  year={1965},
}

@article{Vanderbilt1990Soft,
  title={Soft self-consistent pseudopotentials in a generalized eigenvalue formalism.},
  author={Vanderbilt, D},
  journal={Phys.rev.b},
  volume={41},
  number={11},
  pages={7892},
  year={1990},
}

@article{Qi2010Threefold,
  title={Threefold Increase in the Young’s Modulus of Graphite Negative Electrode during Lithium Intercalation},
  author={Qi, Yue and Guo, Haibo and Hector, Louis G. and Timmons, Adam},
  journal={Journal of the Electrochemical Society},
  volume={157},
  number={5},
  pages={A558-A566},
  year={2010},
}

@article{Alfonso2006A,
  title={A New Self-Consistent Empirical Interatomic Potential Model for Oxides, Silicates, and Silica-Based Glasses},
  author={Alfonso Pedone, Gianluca Malavasi,  M. Cristina Menziani,  Alastair N. Cormack, and Ulderico Segre},
  journal={Journal of Physical Chemistry B},
  volume={110},
  number={24},
  pages={11780},
  year={2006},
}


@article{Plimpton1995Fast,
  title={Fast parallel algorithms for short-range molecular dynamics},
  author={Plimpton, Steve},
  journal={Journal of Computational Physics},
  volume={117},
  number={1},
  pages={1-19},
  year={1995},
}

@article{Ouyang2004First,
  title={First-principles study of Li ion diffusion in LiFePO 4},
  author={Ouyang, Chuying and Shi, Siqi and Wang, Zhaoxiang and Huang, Xuejie and Chen, Liquan},
  journal={Phys.rev.b},
  volume={69},
  number={10},
  year={2004},
}

@article{Xu2008Adaptive,
  title={Adaptive kinetic Monte Carlo for first-principles accelerated dynamics},
  author={Xu, Lijun and Henkelman, Graeme},
  journal={Journal of Chemical Physics},
  volume={129},
  number={11},
  pages={114104},
  year={2008},
}

@article{Henkelman1999A,
  title={A dimer method for finding saddle points on high dimensional potential surfaces using only first derivatives},
  author={Henkelman, Graeme and Jónsson, Hannes},
  journal={Journal of Chemical Physics},
  volume={111},
  number={15},
  pages={7010-7022},
  year={1999},
}

@article{Smidstrup2014Improved,
  title={Improved initial guess for minimum energy path calculations},
  author={Smidstrup, S and Pedersen, A and Stokbro, K and Jónsson, H},
  journal={Journal of Chemical Physics},
  volume={140},
  number={21},
  pages={214106},
  year={2014},
}

@article{Zhou2004Misfit,
  title={Misfit-energy-increasing dislocations in vapor-deposited CoFe/NiFe multilayers},
  author={Zhou, X. W. and Johnson, R. A. and Wadley, H. N. G.},
  journal={Physical Review B},
  volume={69},
  number={14},
  pages={1124-1133},
  year={2004},
}

@article{Kellogg1990Surface,
  title={Surface self-diffusion on Pt(001) by an atomic exchange mechanism},
  author={Kellogg, G. L. and Feibelman, P. J.},
  journal={Physical Review Letters},
  volume={64},
  number={26},
  pages={3143},
  year={1990},
}

@article{Vineyard1957Frequency,
  title={Frequency factors and isotope effects in solid state rate processes},
  author={Vineyard, George H.},
  journal={Journal of Physics and Chemistry of Solids},
  volume={3},
  number={1},
  pages={121-127},
  year={1957},
}

@article{Eyring1935The,
  title={The activated complex in chemical reactions},
  author={Eyring, Henry},
  journal={Journal of Chemical Physics},
  volume={3},
  number={2},
  pages={107-115},
  year={1935},
}

@article{Voter1984Transition,
  title={Transition state theory description of surface self‐diffusion: Comparison with classical trajectory results},
  author={Voter, Arthur F. and Doll, Jimmie D.},
  journal={Journal of Chemical Physics},
  volume={80},
  number={11},
  pages={5832-5838},
  year={1984},
}

@article{Yu2010Calculations,
  title={Calculations of single-crystal elastic constants made simple},
  author={Yu, R. and Zhu, J. and Ye, H. Q.},
  journal={Computer Physics Communications},
  volume={181},
  number={3},
  pages={671-675},
  year={2010},
}

@article{Tvergaard1988Microcracking,
  title={Microcracking in Ceramics Induced by Thermal Expansion or Elastic Anisotropy},
  author={Tvergaard, Viggo and Hutchinson, John W.},
  journal={Journal of the American Ceramic Society},
  volume={71},
  number={3},
  pages={157-166},
  year={1988},
}

@article{Rice1992Dislocation,
  title={Dislocation nucleation from a crack tip: An analysis based on the Peierls concept},
  author={Rice, James R.},
  journal={Journal of the Mechanics and Physics of Solids},
  volume={40},
  number={2},
  pages={239-271},
  year={1992},
}

@article{Ranganathan2008Universal,
  title={Universal Elastic Anisotropy Index},
  author={Ranganathan, Shivakumar I. and Ostojastarzewski, Martin},
  journal={Physical Review Letters},
  volume={101},
  number={5},
  pages={055504},
  year={2008},
}

@article{Ravindran1998Density,
  title={Density functional theory for calculation of elastic properties of orthorhombic crystals: Application to TiSi 2},
  author={Ravindran, P and Fast, Lars and Korzhavyi, P. A and Johansson, B},
  journal={Journal of Applied Physics},
  volume={84},
  number={9},
  pages={4891-4904},
  year={1998},
}

@misc{jerkwin,
  author = {Jerkwin.},
  title = {材料弹性模量各向异性的三维图示方法},
  year = {2014},
  publisher = {GitHub},
  journal = {GitHub repository},
  howpublished = {\url{http://jerkwin.github.io/2014/04/17/}}
}

@article{Zhang2017Chemomechanical,
  title={Chemomechanical modeling of lithiation-induced failure in high-volume-change electrode materials for lithium ion batteries},
  author={Zhang, Sulin},
  journal={Npj Computational Mathematics},
  volume={3},
  number={1},
  year={2017},
}

@article{Chen2003Comparison,
  title={Comparison of PVDF and PVDF-TFE-P as binders for electrode materials showing large volume changes in Lithium-Ion batteries},
  author={Chen, Zonghai and Christensen, L. and Dahn, J. R.},
  journal={Molecular Cancer Therapeutics},
  volume={150},
  number={8},
  pages={A1073-A1078},
  year={2003},
}

@article{Lee2006Effect,
  title={Effect of poly(acrylic acid) on adhesion strength and electrochemical performance of natural graphite negative electrode for lithium-ion batteries},
  author={Lee, J. H. and Paik, U. and Hackley, V. A. and Choi, Y. M.},
  journal={Journal of Power Sources},
  volume={161},
  number={1},
  pages={612-616},
  year={2006},
}

@article{Park2011Effect,
  title={Effect of high adhesive polyvinyl alcohol binder on the anodes of lithium ion batteries},
  author={Park, Hye Kyoung and Kong, Byung Seon and Oh, Eun Suok},
  journal={Electrochemistry Communications},
  volume={13},
  number={10},
  pages={1051-1053},
  year={2011},
}

@article{Son2014Measurement,
  title={Measurement and analysis of adhesion property of lithium-ion battery electrodes with SAICAS},
  author={Son, B and Ryou, M. H. and Choi, J and Lee, T and Yu, H. K. and Kim, J. H. and Lee, Y. M.},
  journal={Acs Applied Materials \& Interfaces},
  volume={6},
  number={1},
  pages={526},
  year={2014},
}

@article{Saito2010An,
  title={An improved method for the measurement of adhesion energy by using a nano-cutting machine},
  author={Saito, Fuminori and Nishiyama, Itsuo and Hyodo, Toshio},
  journal={Surface \& Coatings Technology},
  volume={205},
  number={2},
  pages={419-422},
  year={2010},
}

@article{M2017Investigation,
  title={Investigation of binder distribution in graphite anodes for lithium-ion batteries},
  author={Müller, Marcus and Pfaffmann, Lukas and Jaiser, Stefan and Baunach, Michael and Trouillet, Vanessa and Scheiba, Frieder and Scharfer, Philip and Schabel, Wilhelm and Bauer, Werner},
  journal={Journal of Power Sources},
  volume={340},
  pages={1-5},
  year={2017},
}

@article{Luo2017Mechanical,
  title={Mechanical damage in a lithium-ion pouch cell under indentation loads},
  author={Luo, Hailing and Xia, Yong and Zhou, Qing},
  journal={Journal of Power Sources},
  volume={357},
  pages={61-70},
  year={2017},
}


@article{Hillerborg2008Analysis,
  title={Analysis of crack formation and crack growth in concrete by means of fracture mechanics and finite elements},
  author={Hillerborg, A. and Modéer, M. and Petersson, P. E.},
  journal={Cement \& Concrete Research},
  volume={6},
  number={6},
  pages={773-781},
  year={2008},
}

@article{Elices2002The,
  title={The cohesive zone model: advantages, limitations and challenges},
  author={Elices, M. and Guinea, G. V. and Gómez, J. and Planas, J.},
  journal={Engineering Fracture Mechanics},
  volume={69},
  number={2},
  pages={137-163},
  year={2002},
}

@article{Turon2007An,
  title={An engineering solution for mesh size effects in the simulation of delamination using cohesive zone models},
  author={Turon, A. and Dávila, C. G. and Camanho, P. P. and Costa, J.},
  journal={Engineering Fracture Mechanics},
  volume={74},
  number={10},
  pages={1665-1682},
  year={2007},
}

@article{Burke2005Time,
  title={Time-dependent density functional theory: Past, present, and future},
  author={Burke, K and Werschnik, J and Gross, E. K.},
  journal={Journal of Chemical Physics},
  volume={123},
  number={6},
  pages={B864-284},
  year={2005},
}

@article{Becke1993Density,
  title={Density‐functional thermochemistry. III. The role of exact exchange},
  author={Becke, Axel D.},
  journal={Journal of Chemical Physics},
  volume={98},
  number={7},
  pages={5648-5652},
  year={1993},
}

@book{Parr1989Density,
  title={Density Functional Theory of Atoms and Molecules},
  author={Parr, Robert G.},
  publisher={Oxford University Press ,},
  pages={5-15},
  year={1989},
}

@article{Henkelman2000Improved,
  title={Improved tangent estimate in the nudged elastic band method for finding minimum energy paths and saddle points},
  author={Henkelman, Graeme and Jónsson, Hannes},
  journal={Journal of Chemical Physics},
  volume={113},
  number={113},
  pages={9978-9985},
  year={2000},
}

@article{Henkelman2000A,
  title={A climbing image nudged elastic band method for finding saddle points and minimum energy paths},
  author={Henkelman, Graeme},
  journal={Journal of Chemical Physics},
  volume={113},
  number={22},
  pages={9901-9904},
  year={2000},
}

@article{Smidstrup2014Improved,
  title={Improved initial guess for minimum energy path calculations},
  author={Smidstrup, S and Pedersen, A and Stokbro, K and Jónsson, H},
  journal={Journal of Chemical Physics},
  volume={140},
  number={21},
  pages={214106},
  year={2014},
}

@article{Vineyard1957Frequency,
  title={Frequency factors and isotope effects in solid state rate processes ☆},
  author={Vineyard, George H.},
  journal={Journal of Physics & Chemistry of Solids},
  volume={3},
  number={1},
  pages={121-127},
  year={1957},
}

@article{Eyring1935The,
  title={The Activated Complex in Chemical Reactions},
  author={Eyring, Henry},
  journal={Journal of Chemical Physics},
  volume={3},
  number={2},
  pages={107-115},
  year={1935},
}

@article{Voter1984Transition,
  title={Transition state theory description of surface self‐diffusion: Comparison with classical trajectory results},
  author={Voter, Arthur F. and Doll, Jimmie D.},
  journal={Journal of Chemical Physics},
  volume={80},
  number={11},
  pages={5832-5838},
  year={1984},
}

@article{Frenkel1997Understanding,
  title={Understanding molecular simulation : from algorithms to applications. 2nd ed},
  author={Frenkel, Daan and Smit, Berend},
  journal={Physics Today},
  volume={50},
  number={7},
  pages={66-66},
  year={1997},
}

@book{Rapaport2004The,
  title={The Art of Molecular Dynamics Simulation},
  author={Rapaport, D. C},
  publisher={Cambridge University Press},
  pages={987-1000},
  year={2004},
}

@article{Berendsen1998Molecular,
  title={Molecular dynamics with coupling to an external bath},
  author={Berendsen, H. J. C. and Postma, J. P. M. and Gunsteren, W. F. Van and Dinola, A. and Haak, J. R.},
  journal={Journal of Chemical Physics},
  volume={81},
  number={8},
  pages={3684-3690},
  year={1998},
}

@article{Swope1982A,
  title={A computer simulation method for the calculation of equilibrium constants for the formation of physical clusters of molecules: Application to small water clusters},
  author={Swope, William C. and Andersen, Hans C. and Berens, Peter H. and Wilson, Kent R.},
  journal={Journal of Chemical Physics},
  volume={76},
  number={1},
  pages={637-649},
  year={1982},
}


@article{Rose1981Universal,
  title={Universal Binding Energy Curves for Metals and Bimetallic Interfaces},
  author={Rose, J. H. and Ferrante, John and Smith, John R.},
  journal={Phys.rev.lett},
  volume={47},
  number={9},
  pages={675-678},
  year={1981},
}

@book{Hughes,
  title={Computational inelasticity},
  author={Simo J C, Hughes T J R},
  publisher={Springer Science \& Business Media,},
  year={2006},
}

@book{Jagab2005Theory,
  title={Theory of Plasticity (Third Edition)},
  author={Jagab and Chakrabarty, Uhu},
  year={2005},
}

@article{Takahashi2016Mechanical,
  title={Mechanical Degradation of Graphite/PVDF Composite Electrodes: A Model-Experimental Study},
  author={Takahashi, Kenji and Higa, Kenneth and Mair, Sunil and Chintapalli, Mahati and Balsara, Nitash and Srinivasan, Venkat},
  journal={Journal of the Electrochemical Society},
  volume={163},
  number={3},
  pages={A385-A395},
  year={2016},
}

@article{Takahashi2015Examination,
  title={Examination of Graphite Particle Cracking as a Failure Mode in Lithium-Ion Batteries: A Model-Experimental Study},
  author={Takahashi, K. and Srinivasan, V.},
  journal={Journal of the Electrochemical Society},
  volume={162},
  number={4},
  pages={A635-A645},
  year={2015},
}

@article{Zhang2012Direct,
  title={Direct observation of inhomogeneous solid electrolyte interphase on MnO anode with atomic force microscopy and spectroscopy.},
  author={Zhang, J. and Wang, R. and Yang, X. and Lu, W. and Wu, X. and Wang, X. and Li, H. and Chen, L.},
  journal={Nano Letters},
  volume={12},
  number={4},
  pages={2153},
  year={2012},
}

@article{Zheng20143D,
  title={3D visualization of inhomogeneous multi-layered structure and Young's modulus of the solid electrolyte interphase (SEI) on silicon anodes for lithium ion batteries},
  author={Zheng J and Zheng H and Wang R and Ben L and Lu W and Chen L and Chen L and Li H},
  journal={Physical Chemistry Chemical Physics},
  volume={16},
  number={26},
  pages={13229-13238},
  year={2014},
}

@article{Zhang2007Numerical,
  title={Numerical Simulation of Intercalation-Induced Stress in Li-Ion Battery Electrode Particles},
  author={Zhang, Xiangchun and Wei, Shyy and Sastry, Ann Marie},
  journal={Journal of the Electrochemical Society},
  volume={154},
  number={12},
  pages={A910-A916},
  year={2007},
}

@article{Zhao2010Fracture,
  title={Fracture of Electrodes in Lithium-Ion Batteries Caused by Fast Charging},
  author={Zhao, Kejie and Pharr, Matt and Vlassak, Joost J and Suo, Zhigang},
  journal={Journal of Applied Physics},
  volume={108},
  number={7},
  pages={473},
  year={2010},
}

@article{Zhao2012Fracture,
  title={Fracture and debonding in lithium-ion batteries with electrodes of hollow core–shell nanostructures},
  author={Zhao, Kejie and Pharr, Matt and Hartle, Lauren and Vlassak, Joost J. and Suo, Zhigang},
  journal={Journal of Power Sources},
  volume={218},
  number={12},
  pages={6-14},
  year={2012},
}

@article{Behrou2017Numerical,
  title={Numerical Modeling of Damage Evolution Phenomenon in Solid-State Lithium-Ion Batteries},
  author={Behrou, Reza and Maute, Kurt},
  journal={Journal of the Electrochemical Society},
  volume={164},
  number={12},
  pages={A2573-A2589},
  year={2017},
}

@article{Behrou2017Multiscale,
  title={Multiscale Modeling of Non-Local Damage Evolution in Lithium-Ion Batteries},
  author={Behrou, Reza and Maute, Kurt},
  journal={Ecs Transactions},
  volume={77},
  number={11},
  pages={1163-1177},
  year={2017},
}

@article{Cannarella2014Mechanical,
  title={Mechanical Properties of a Battery Separator Under Compression and Tension},
  author={Cannarella, John and Liu, Xinyi and Leng, Cohen Z. and Sinko, Patrick D. and Gor, Gennady Y. and Arnold, Craig B.},
  journal={Journal of the Electrochemical Society},
  volume={161},
  number={11},
  pages={F3117-F3122},
  year={2014},
}

@article{Zhang2016Li,
  title={Li-ion Battery Separators, Mechanical Integrity and Failure Mechanisms Leading to Soft and Hard Internal Shorts:},
  author={Zhang, Xiaowei and Elham, Sahraei and Kai, Wang},
  journal={Scientific Reports},
  volume={6},
  pages={32578},
  year={2016},
}

@article{Kalnaus2017Mechanical,
  title={Mechanical behavior and failure mechanisms of Li-ion battery separators},
  author={Kalnaus, Sergiy and Wang, Yanli and Turner, John A.},
  journal={Journal of Power Sources},
  volume={348},
  pages={255-263},
  year={2017},
}

@article{Sheidaei2011Mechanical,
  title={Mechanical behavior of a battery separator in electrolyte solutions},
  author={Sheidaei, Azadeh and Xiao, Xinran and Huang, Xiaosong and Hitt, Jonathon},
  journal={Journal of Power Sources},
  volume={196},
  number={20},
  pages={8728-8734},
  year={2011},
}

@article{Sahraei2014Characterizing,
  title={Characterizing and modeling mechanical properties and onset of short circuit forthree types of lithium-ion pouch cells},
  author={Sahraei, Elham and Meier, Joseph and Wierzbicki, Tomasz},
  journal={Journal of Power Sources},
  volume={247},
  number={2},
  pages={503-516},
  year={2014},
}

@article{Sahraei2012Modeling,
  title={Modeling and short circuit detection of 18650 Li-ion cells under mechanical abuse conditions},
  author={Sahraei, Elham and Campbell, John and Wierzbicki, Tomasz},
  journal={Journal of Power Sources},
  volume={220},
  number={4},
  pages={360-372},
  year={2012},
}

@article{Greve2012Mechanical,
  title={Mechanical testing and macro-mechanical finite element simulation of the deformation, fracture, and short circuit initiation of cylindrical Lithium ion battery cells},
  author={Greve, Lars and Fehrenbach, Clemens},
  journal={Journal of Power Sources},
  volume={214},
  number={4},
  pages={377-385},
  year={2012},
}

@article{Elham2012Calibration,
  title={Calibration and finite element simulation of pouch lithium-ion batteries for mechanical integrity},
  author={Elham Sahraei and Rich Hill and Tomasz Wierzbicki},
  journal={Journal of Power Sources},
  volume={201},
  number={3},
  pages={307-321},
  year={2012},
}

@article{Kukreja2016Crash,
  title={Crash analysis of a conceptual electric vehicle with a damage tolerant battery pack},
  author={Kukreja, J. and Nguyen, T. and Siegmund, T. and Chen, W. and Tsutsui, W. and Balakrishnan, K. and Liao, H. and Parab, N.},
  journal={Extreme Mechanics Letters},
  year={2016},
}

@article{Xia2014Damage,
  title={Damage of cells and battery packs due to ground impact},
  author={Xia, Yong and Wierzbicki, Tomasz and Sahraei, Elham and Zhang, Xiaowei},
  journal={Journal of Power Sources},
  volume={267},
  number={4},
  pages={78-97},
  year={2014},
}

@article{Wang2017Progressive,
  title={Progressive mechanical indentation of large-format Li-ion cells},
  author={Wang, Hsin and Kumar, Abhishek and Simunovic, Srdjan and Allu, Srikanth and Kalnaus, Sergiy and Turner, John A. and Helmers, Jacob C. and Rules, Evan T. and Winchester, Clinton S. and Gorney, Philip},
  journal={Journal of Power Sources},
  volume={341},
  pages={156-164},
  year={2017},
}

@article{Ali2015Computational,
  title={Computational models for simulation of a lithium-ion battery module specimen under punch indentation},
  author={Ali, Mohammed Yusuf and Lai, Wei Jen and Pan, Jwo},
  journal={Journal of Power Sources},
  volume={273},
  pages={448-459},
  year={2015},
}

@article{L2008Iron,
  title={Iron oxide deposits associated with the ectosymbiotic bacteria in the hydrothermal vent shrimp Rimicaris exoculata},
  author={L. Corbari and M.A. CambonBonavita and G. J. Long and F. Grandjean},
  journal={Biogeosciences},
  volume={5},
  number={2},
  pages={1295-1310},
  year={2008},
}

@misc{wiki:eds,
    author = "{Wikipedia contributors}",
    title = "Energy-dispersive X-ray spectroscopy --- {Wikipedia}{,} The Free Encyclopedia",
    year = "2018",
    note = "[Online; accessed 4-June-2018]"
}

@book{Dirac1958The,
  title={The principles of quantum mechanics.},
  author={Dirac, P. A. M},
  publisher={At the clarendon press},
  pages={142-145},
  year={1958},
}