@book{Plimpton1995Fast,
  title={Fast parallel algorithms for short-range molecular dynamics},
  author={Plimpton, Steve},
  publisher={Academic Press Professional, Inc.},
  pages={1-19},
  year={1995},
}

@article{Kresse1996Efficient,
  title={Efficient iterative schemes for ab initio total-energy calculations using a plane-wave basis set},
  author={Kresse G and Furthm√ºller J},
  journal={Phys Rev B Condens Matter},
  volume={54},
  number={16},
  pages={11169-11186},
  year={1996},
}

@article{Zhu2018A,
  title={A review of safety-focused mechanical modeling of commercial lithium-ion batteries},
  author={Zhu,Juner and Wierzbicki,Tomasz and Li,Wei},
  journal={Journal of Power Sources},
  volume={378},
  pages={153-168},
  year={2018},
}

