%%%% 开题报告ref

@article{Jie2018Safety,
  title={Safety modelling and testing of lithium-ion batteries in electrified vehicles},
  author={Jie, Deng and Bae, Chulheung and Marcicki, James and Masias, Alvaro and Miller, Theodore},
  year={2018},
}

@article{Feng2017Thermal,
  title={Thermal runaway mechanism of lithium ion battery for electric vehicles: A review},
  author={Feng, Xuning and Ouyang, Minggao and Xiang, Liu and Lu, Languang and Yong, Xia and He, Xiangming},
  journal={Energy Storage Materials},
  pages={S2405829716303464},
  year={2017},
}

@article{Guide,
  title={Our Guide to Batteries 3rd Edition},
  author={Johnson Matthey Battery Systems},
  year={2015},
}

@article{Bine,
  title={Electromobility},
  author={BINE Information Service},
  year={2017},
}

@article{Audi,
  title={Audi Q7 e-tron 2.0 TFSI quattro},
  author={Audi},
  year={2016},
}

@article{Zhu2018A,
  title={A review of safety-focused mechanical modeling of commercial lithium-ion batteries},
  author={Zhu, Juner and Wierzbicki, Tomasz and Wei, Li},
  journal={Journal of Power Sources},
  volume={378},
  pages={153-168},
  year={2018},
}

@article{WolfgangSinz2012Integration,
  title={Integration of a crashworthy battery in a fully electric city bus},
  author={WolfgangSinz and ChristophBreitfuß and ErnstTomasch and JürgenGugler and FlorianFeist and HannesLacher and FiorentinoValerioConte and StefanKutsenits and ErnstKieninger},
  journal={International Journal of Crashworthiness},
  volume={17},
  number={1},
  pages={105-118},
  year={2012},
}

@book{Gimenez2014Battery,
  title={Battery Modelling for Crash Safety Simulation},
  author={Gimenez, Telma and Ramos, Samantha Gonçalves Mancini},
  year={2014},
}

@article{liu2019safety,
title={Safety issues and mechanisms of lithium-ion battery cell upon mechanical abusive loading: A review},
author={Liu, Binghe and Jia, Yikai and Yuan, Chunhao and Wang, Lubing and Gao, Xiang and Yin, Sha and Xu, Jun},
journal={Energy Storage Materials},
year={2019}}
    

@article{Xia1,
author = {Xia, Yong and Wierzbicki, Tomasz and Sahraei, Elham and Zhang, Xiaowei},
year = {2014},
month = {12},
pages = {78–97},
title = {Damage of cells and battery packs due to ground impact},
volume = {267},
journal = {Journal of Power Sources},
doi = {10.1016/j.jpowsour.2014.05.078}
}

@article{xiao2020mechanical,
  title={Mechanical response of laterally-constrained prismatic battery cells under local loading},
  author={Xiao, Feiyu and Xing, Bobin},
  year={2020},
  institution={SAE Technical Paper}
}

@inproceedings{Xia2,
author = {Luo, Hailing and Jiang, Xuqian and Xia, Yong and Zhou, Qing},
year = {2015},
month = {11},
pages = {V009T12A052},
title = {Fracture Mode Analysis of Lithium-Ion Battery Under Mechanical Loading},
doi = {10.1115/IMECE2015-52595}
}

@article{Xia3,
author = {Luo, Hailing and Xia, Yong and Zhou, Qing},
year = {2017},
month = {07},
pages = {61-70},
title = {Mechanical damage in a lithium-ion pouch cell under indentation loads},
volume = {357},
journal = {Journal of Power Sources},
doi = {10.1016/j.jpowsour.2017.04.101}
}

@article{Xia4,
author = {Xia, Yong and Chen, Guanhua and Zhou, Qing and Shi, Xiangnan and Shi, Fangyuan},
year = {2017},
month = {09},
pages = {},
title = {Failure behaviours of 100% SOC lithium-ion battery modules under different impact loading conditions},
volume = {82},
journal = {Engineering Failure Analysis},
doi = {10.1016/j.engfailanal.2017.09.003}
}

@inproceedings{Xia5,
author = {Chen, Guanhua and Li, Wei and Luo, Hailing and Xia, Yong},
year = {2017},
month = {11},
pages = {V014T11A029},
title = {Influence of Mechanical Interaction Between Lithium-Ion Pouch Cells in a Simplified Battery Module Under Impact Loading},
doi = {10.1115/IMECE2017-72144}
}

@article{Xia6,
author = {Li, Wei and Zhu, Juner and Xia, Yong and Gorji, Maysam and Wierzbicki, Tomasz},
year = {2019},
month = {08},
pages = {},
title = {Data-Driven Safety Envelope of Lithium-Ion Batteries for Electric Vehicles},
journal = {Joule},
doi = {10.1016/j.joule.2019.07.026}
}

@article{Xia7,
author = {Zhu, Juner and Li, Wei and Wierzbicki, Tomasz and Xia, Yong and Harding, Jonathon},
year = {2019},
month = {06},
pages = {},
title = {Deformation and failure of lithium-ion batteries treated as a discrete layered structure},
journal = {International Journal of Plasticity},
doi = {10.1016/j.ijplas.2019.06.011}
}

@article{Xia8,
author = {Li, Wei and Xia, Yong and Zhu, Juner and Luo, Hailing},
year = {2018},
month = {01},
pages = {A1537-A1546},
title = {State-of-Charge Dependence of Mechanical Response of Lithium-Ion Batteries: A Result of Internal Stress},
volume = {165},
journal = {Journal of The Electrochemical Society},
doi = {10.1149/2.0051809jes}
}

@inproceedings{Xia9,
author = {Chen, Guanhua and Li, Wei and Luo, Hailing and Xia, Yong},
year = {2017},
month = {11},
pages = {V014T11A029},
title = {Influence of Mechanical Interaction Between Lithium-Ion Pouch Cells in a Simplified Battery Module Under Impact Loading},
doi = {10.1115/IMECE2017-72144}
}


@inproceedings{Xia10,
author = {Zhu, Juner and Zhang, Xiaowei and Wierzbicki, Tomasz and Xia, Yong and Chen, Guanhua},
year = {2018},
month = {04},
pages = {},
title = {Structural Designs for Electric Vehicle Battery Pack against Ground Impact},
doi = {10.4271/2018-01-1438}
}

@article{Xia11,
author = {Zhu, Juner and Luo, Hailing and Li, Wei and Gao, Tao and Xia, Yong and Wierzbicki, Tomasz},
year = {2019},
month = {05},
pages = {},
title = {Mechanism of strengthening of battery resistance under dynamic loading},
volume = {131},
journal = {International Journal of Impact Engineering},
doi = {10.1016/j.ijimpeng.2019.05.003}
}

@article{Greve2012Mechanical,
  title={Mechanical testing and macro-mechanical finite element simulation of the deformation, fracture, and short circuit initiation of cylindrical Lithium ion battery cells},
  author={Greve, Lars and Fehrenbach, Clemens},
  journal={Journal of Power Sources},
  volume={214},
  number={4},
  pages={377-385},
  year={2012},
}

@article{Xu2016State,
  title={State of Charge Dependent Mechanical Integrity Behavior of 18650 Lithium-ion Batteries.},
  author={Xu, J. and Liu, B. and Hu, D.},
  journal={Sci Rep},
  volume={6},
  number={1},
  pages={21829},
  year={2016},
}

@article{SAHRAEI2012Modeling,
  title={Modeling and short circuit detection of 18650 Li-ion cells under mechanical abuse conditions},
  author={SAHRAEI and Elham and CAMPBELL and John and WIERZBICKI and Tomasz},
  journal={Journal of Power Sources},
  volume={220},
  number={4},
  pages={360-372},
  year={2012},
}

@article{Wei2018Comparative,
  title={Comparative study of mechanical-electrical-thermal responses of pouch, cylindrical, and prismatic lithium-ion cells under mechanical abuse},
  author={Wei, Li and Yong, Xia and GuanHua Chen and Sahraei, Elham},
  journal={Science China Technological Sciences},
  volume={61},
  number={10},
  pages={1472-1482},
  year={2018},
}

@article{yuan2019a,
title={A Multiphysics Computational Framework for Cylindrical Battery Behavior upon Mechanical Loading Based on LS-DYNA},
author={Yuan, Chunhao and Gao, Xiang and Wong, Hin Kwan and Feng, Bill and Xu, Jun},
journal={Journal of The Electrochemical Society},
volume={166},
number={6},
year={2019}}

@article{lamb2014evaluation,
title={Evaluation of mechanical abuse techniques in lithium ion batteries},
author={Lamb, Joshua and Orendorff, Christopher J},
journal={Journal of Power Sources},
volume={247},
pages={189--196},
year={2014}}

@article{Zhu2016Deformation,
  title={Deformation and failure mechanisms of 18650 battery cells under axial compression},
  author={Zhu, Juner and Zhang, Xiaowei and Sahraei, Elham and Wierzbicki, Tomasz},
  journal={Journal of Power Sources},
  volume={336},
  pages={332-340},
  year={2016},
}

@article{Avdeev2014Structural,
  title={Structural analysis and experimental characterization of cylindrical lithium-ion battery cells subject to lateral impact},
  author={Avdeev, Ilya and Gilaki, Mehdi},
  journal={Journal of Power Sources},
  volume={271},
  number={271},
  pages={382-391},
  year={2014},
}


@article{lamb2014evaluation,
title={Evaluation of mechanical abuse techniques in lithium ion batteries},
author={Lamb, Joshua and Orendorff, Christopher J},
journal={Journal of Power Sources},
volume={247},
pages={189--196},
year={2014}}

@article{xu2016computational,
title={Computational model of 18650 lithium-ion battery with coupled strain rate and SOC dependencies},
author={Xu, Jun and Liu, Binghe and Wang, Xinyi and Hu, Dayong},
journal={Applied Energy},
volume={172},
number={172},
pages={180--189},
year={2016}}

@article{Wang2016Internal,
  title={Internal configuration of prismatic lithium-ion cells at the onset of mechanically induced short circuit},
  author={Wang, Hsin and Simunovic, Srdjan and Maleki, Hossien and Howard, Jason N. and Hallmark, Jerald A.},
  journal={Journal of Power Sources},
  volume={306},
  pages={424-430},
  year={2016},
}

@article{Sahraei2012Calibration,
  title={Calibration and finite element simulation of pouch lithium-ion batteries for mechanical integrity},
  author={Sahraei, Elham and Hill, Rich and Wierzbicki, Tomasz},
  journal={Journal of Power Sources},
  volume={201},
  number={3},
  pages={307-321},
  year={2012},
}

@article{LaiMechanical,
  title={Mechanical behavior of representative volume elements of lithium-ion battery modules under various loading conditions},
  author={Lai, Wei Jen and Ali, Mohammed Yusuf and Pan, Jwo},
  journal={Journal of Power Sources},
}

@article{WeiJen2014Mechanical,
  title={Mechanical behavior of representative volume elements of lithium-ion battery cells under compressive loading conditions},
  author={WeiJen and Ali, Mohammed Yusuf and Pan, Jwo},
  journal={Journal of Power Sources},
  volume={245},
  number={4},
  pages={609-623},
  year={2014},
}

@article{lai2014mechanical,
title={Mechanical behavior of representative volume elements of lithium-ion battery cells under compressive loading conditions},
author={Lai, Wei Jen and Ali, Mohammed Yusuf and Pan, Jwo},
journal={Journal of Power Sources},
volume={245},
pages={609--623},
year={2014}}

@article{chen2019dynamic,
title={Dynamic mechanical behavior of lithium-ion pouch cells subjected to high-velocity impact},
author={Chen, Yanyu and Santhanagopalan, Shriram and Babu, Venkatesh and Ding, Yi},
journal={Composite Structures},
volume={218},
pages={50--59},
year={2019}}
    
    
@article{ZHU2019293,
title = "Deformation and failure of lithium-ion batteries treated as a discrete layered structure",
journal = "International Journal of Plasticity",
volume = "121",
pages = "293 - 311",
year = "2019",
issn = "0749-6419"
}

@article{Ali2013Computational,
  title={Computational models for simulations of lithium-ion battery cells under constrained compression tests},
  author={Ali, Mohammed Yusuf and WeiJen and Jwo},
  journal={Journal of Power Sources},
  volume={242},
  number={22},
  pages={325-340},
  year={2013},
}

@article{Liu2016Integrated,
  title={Integrated computation model of lithium-ion battery subject to nail penetration},
  author={Liu, Binghe and Sha, Yin and Xu, Jun},
  journal={Applied Energy},
  volume={183},
  pages={278-289},
  year={2016},
}

@article{Chao2015A,
  title={A representative-sandwich model for simultaneously coupled mechanical-electrical-thermal simulation of a lithium-ion cell under quasi-static indentation tests},
  author={Chao, Zhang and Santhanagopalan, Shriram and Sprague, Michael A. and Pesaran, Ahmad A.},
  journal={Journal of Power Sources},
  volume={298},
  pages={309-321},
  year={2015},
}

@article{Chao2015Coupled,
  title={Coupled mechanical-electrical-thermal modeling for short-circuit prediction in a lithium-ion cell under mechanical abuse},
  author={Chao, Zhang and Santhanagopalan, Shriram and Sprague, Michael A. and Pesaran, Ahmad A.},
  journal={Journal of Power Sources},
  volume={290},
  pages={102-113},
  year={2015},
}

@article{Xia2014Damage,
  title={Damage of cells and battery packs due to ground impact},
  author={Xia, Yong and WIERZBICKI and Tomasz and SAHRAEI and Elham and Zhang, Xiaowei},
  journal={Journal of Power Sources},
  volume={267},
  number={4},
  pages={78-97},
  year={2014},
}


@article{Xu2017Quantifying,
  title={Quantifying Electrochemical Reactions and Properties of Amorphous Silicon in a Conventional Lithium-Ion Battery Configuration},
  author={Xu, Wang and Singh, Sudhanshu S. and Teng, Ma and Cheng, Lv and Chawla, Nikhilesh and Jiang, Hanqing},
  journal={Chemistry of Materials},
  volume={29},
  number={14},
  pages={acs.chemmater.7b00701},
  year={2017},
}

@article{Gao2011Strong,
  title={Strong stress-enhanced diffusion in amorphous lithium alloy nanowire electrodes},
  author={Gao, Y. F and Zhou, M},
  journal={Journal of Applied Physics},
  volume={109},
  number={1},
  pages={3759},
  year={2011},
}

@article{Cui2012A,
  title={A finite deformation stress-dependent chemical potential and its applications to lithium ion batteries},
  author={Cui, Zhiwei and Feng, Gao and Qu, Jianmin},
  journal={Journal of the Mechanics and Physics of Solids},
  volume={60},
  number={7},
  pages={1280-1295},
  year={2012},
}


@article{multi,
author = {Binghe, Liu and Zhao, Hui and Yu, Huili and Li, Jie and Xu, Jun},
year = {2017},
month = {10},
pages = {},
title = {Multiphysics computational framework for cylindrical lithium-ion batteries under mechanical abusive loading},
volume = {256},
journal = {Electrochimica Acta},
doi = {10.1016/j.electacta.2017.10.045}
}

@article{Shriram2009Analysis,
  title={Analysis of internal short-circuit in a lithium ion cell},
  author={Shriram, Santhanagopalan and Premanand, Ramadass and John, Zhang},
  journal={Journal of Power Sources},
  volume={194},
  number={1},
  pages={550-557},
  year={2009},
}


@article{Kim2015Investigation,
  title={Investigation on internal short circuits of lithium polymer batteries with a ceramic-coated separator during nail penetration},
  author={Kim, Cheon Soo and Yoo, Jin Seong and Jeong, Kyung Min and Kim, Keon and Yi, Cheol Woo},
  journal={Journal of Power Sources},
  volume={289},
  pages={41-49},
  year={2015},
}

%%%%%%%%
@article{xu2016state,
  title={State of charge dependent mechanical integrity behavior of 18650 lithium-ion batteries},
  author={Xu, Jun and Liu, Binghe and Hu, Dayong},
  journal={Scientific reports},
  volume={6},
  pages={21829},
  year={2016},
  publisher={Nature Publishing Group}
}

@article{li2018comparative,
  title={Comparative study of mechanical-electrical-thermal responses of pouch, cylindrical, and prismatic lithium-ion cells under mechanical abuse},
  author={Li, Wei and Xia, Yong and Chen, GuanHua and Sahraei, Elham},
  journal={Science China Technological Sciences},
  volume={61},
  number={10},
  pages={1472--1482},
  year={2018},
  publisher={Springer}
}

@article{illig2013understanding,
  title={Understanding the impedance spectrum of 18650 LiFePO4-cells},
  author={Illig, J{\"o}rg and Schmidt, Jan Philipp and Weiss, Michael and Weber, Andr{\'e} and Ivers-Tiff{\'e}e, Ellen},
  journal={Journal of Power Sources},
  volume={239},
  pages={670--679},
  year={2013},
  publisher={Elsevier}
}

@book{barsoukov2018impedance,
  title={Impedance spectroscopy: theory, experiment, and applications},
  author={Barsoukov, Evgenij and Macdonald, J Ross},
  year={2018},
  publisher={John Wiley \& Sons}
}

@article{ferreira2012imagej,
  title={ImageJ user guide},
  author={Ferreira, Tiago and Rasband, Wayne},
  journal={ImageJ/Fiji},
  volume={1},
  pages={155--161},
  year={2012}
}

@article{liu2019safety,
  title={Safety issues and mechanisms of lithium-ion battery cell upon mechanical abusive loading: a review},
  author={Liu, Binghe and Jia, Yikai and Yuan, Chunhao and Wang, Lubing and Gao, Xiang and Yin, Sha and Xu, Jun},
  journal={Energy Storage Materials},
  year={2019},
  publisher={Elsevier}
}

@article{li2018comparative,
  title={Comparative study of mechanical-electrical-thermal responses of pouch, cylindrical, and prismatic lithium-ion cells under mechanical abuse},
  author={Li, Wei and Xia, Yong and Chen, GuanHua and Sahraei, Elham},
  journal={Science China Technological Sciences},
  volume={61},
  number={10},
  pages={1472--1482},
  year={2018},
  publisher={Springer}
}

@article{chen2019dynamic,
title={Dynamic mechanical behavior of lithium-ion pouch cells subjected to high-velocity impact},
author={Chen, Yanyu and Santhanagopalan, Shriram and Babu, Venkatesh and Ding, Yi},
journal={Composite Structures},
volume={218},
pages={50--59},
year={2019}}

@article{Zhu2018A,
  title={A review of safety-focused mechanical modeling of commercial lithium-ion batteries},
  author={Zhu, Juner and Wierzbicki, Tomasz and Wei, Li},
  journal={Journal of Power Sources},
  volume={378},
  pages={153-168},
  year={2018},
}

@article{luo2017mechanical,
author = {Luo, Hailing and Xia, Yong and Zhou, Qing},
year = {2017},
month = {07},
pages = {61-70},
title = {Mechanical damage in a lithium-ion pouch cell under indentation loads},
volume = {357},
journal = {Journal of Power Sources},
doi = {10.1016/j.jpowsour.2017.04.101}
}

@article{zhu2019deformation,
  title={Deformation and failure of lithium-ion batteries treated as a discrete layered structure},
  author={Zhu, Juner and Li, Wei and Wierzbicki, Tomasz and Xia, Yong and Harding, Jonathon},
  journal={International Journal of Plasticity},
  volume={121},
  pages={293--311},
  year={2019},
  publisher={Elsevier}
}

@article{sahraei2012calibration,
  title={Calibration and finite element simulation of pouch lithium-ion batteries for mechanical integrity},
  author={Sahraei, Elham and Hill, Rich and Wierzbicki, Tomasz},
  journal={Journal of Power Sources},
  volume={201},
  pages={307--321},
  year={2012},
  publisher={Elsevier}
}

@article{lai2014mechanical,
  title={Mechanical behavior of representative volume elements of lithium-ion battery cells under compressive loading conditions},
  author={Lai, Wei-Jen and Ali, Mohammed Yusuf and Pan, Jwo},
  journal={Journal of Power Sources},
  volume={245},
  pages={609--623},
  year={2014},
  publisher={Elsevier}
}

@article{lai2014mechanical,
  title={Mechanical behavior of representative volume elements of lithium-ion battery modules under various loading conditions},
  author={Lai, Wei-Jen and Ali, Mohammed Yusuf and Pan, Jwo},
  journal={Journal of Power Sources},
  volume={248},
  pages={789--808},
  year={2014},
  publisher={Elsevier}
}

@article{kotter2019dynamic,
  title={Dynamic impact tests to characterize the crashworthiness of large-format lithium-ion cells},
  author={Kotter, Philip and Kisters, Thomas and Schleicher, Andreas},
  journal={Journal of Energy Storage},
  volume={26},
  pages={100948},
  year={2019},
  publisher={Elsevier}
}

@article{wang2016internal,
  title={Internal configuration of prismatic lithium-ion cells at the onset of mechanically induced short circuit},
  author={Wang, Hsin and Simunovic, Srdjan and Maleki, Hossien and Howard, Jason N and Hallmark, Jerald A},
  journal={Journal of Power Sources},
  volume={306},
  pages={424--430},
  year={2016},
  publisher={Elsevier}
}

@article{lu2013review,
  title={A review on the key issues for lithium-ion battery management in electric vehicles},
  author={Lu, Languang and Han, Xuebing and Li, Jianqiu and Hua, Jianfeng and Ouyang, Minggao},
  journal={Journal of power sources},
  volume={226},
  pages={272--288},
  year={2013},
  publisher={Elsevier}
}

@article{xia2017failure,
  title={Failure behaviours of 100\% SOC lithium-ion battery modules under different impact loading conditions},
  author={Xia, Yong and Chen, Guanhua and Zhou, Qing and Shi, Xiangnan and Shi, Fangyuan},
  journal={Engineering Failure Analysis},
  volume={82},
  pages={149--160},
  year={2017},
  publisher={Elsevier}
}

@article{zhu2019mechanism,
  title={Mechanism of strengthening of battery resistance under dynamic loading},
  author={Zhu, Juner and Luo, Hailing and Li, Wei and Gao, Tao and Xia, Yong and Wierzbicki, Tomasz},
  journal={International Journal of Impact Engineering},
  volume={131},
  pages={78--84},
  year={2019},
  publisher={Elsevier}
}

@article{kisters2017dynamic,
  title={Dynamic impact tests on lithium-ion cells},
  author={Kisters, Thomas and Sahraei, Elham and Wierzbicki, Tomasz},
  journal={International Journal of Impact Engineering},
  volume={108},
  pages={205--216},
  year={2017},
  publisher={Elsevier}
}

@article{dixon2018effects,
  title={Effects of electrolyte, loading rate and location of indentation on mechanical integrity of li-ion pouch cells},
  author={Dixon, Brandy and Mason, Amber and Sahraei, Elham},
  journal={Journal of Power Sources},
  volume={396},
  pages={412--420},
  year={2018},
  publisher={Elsevier}
}














